@inproceedings{graepel2004learning,
  title={Learning to fight},
  author={Graepel, Thore and Herbrich, Ralf and Gold, Julian},
  booktitle={Proceedings of the International Conference on Computer Games: Artificial Intelligence, Design and Education},
  pages={193--200},
  year={2004},
  organization={Citeseer}
}

@article{Arulkumaran_2017,
	doi = {10.1109/msp.2017.2743240},
  
	url = {https://doi.org/10.1109%2Fmsp.2017.2743240},
  
	year = 2017,
	month = {nov},
  
	publisher = {Institute of Electrical and Electronics Engineers ({IEEE})},
  
	volume = {34},
  
	number = {6},
  
	pages = {26--38},
  
	author = {Kai Arulkumaran and Marc Peter Deisenroth and Miles Brundage and Anil Anthony Bharath},
  
	title = {Deep Reinforcement Learning: A Brief Survey},
  
	journal = {{IEEE} Signal Processing Magazine}
}

@book{sutton2018reinforcement,
  title={Reinforcement learning: An introduction},
  author={Sutton, Richard S and Barto, Andrew G},
  year={2018},
  publisher={MIT press}
}

@misc{kumar2020balancing,
      title={Balancing a CartPole System with Reinforcement Learning -- A Tutorial}, 
      author={Swagat Kumar},
      year={2020},
      eprint={2006.04938},
      archivePrefix={arXiv},
      primaryClass={cs.RO}
}

@article{wang2013backward,
  title={Backward Q-learning: The combination of Sarsa algorithm and Q-learning},
  author={Wang, Yin-Hao and Li, Tzuu-Hseng S and Lin, Chih-Jui},
  journal={Engineering Applications of Artificial Intelligence},
  volume={26},
  number={9},
  pages={2184--2193},
  year={2013},
  publisher={Elsevier}
}

@inproceedings{qiang2011reinforcement,
  title={Reinforcement learning model, algorithms and its application},
  author={Qiang, Wang and Zhongli, Zhan},
  booktitle={2011 International Conference on Mechatronic Science, Electric Engineering and Computer (MEC)},
  pages={1143--1146},
  year={2011},
  organization={IEEE}
}

@inproceedings{tijsma2016comparing,
  title={Comparing exploration strategies for Q-learning in random stochastic mazes},
  author={Tijsma, Arryon D and Drugan, Madalina M and Wiering, Marco A},
  booktitle={2016 IEEE Symposium Series on Computational Intelligence (SSCI)},
  pages={1--8},
  year={2016},
  organization={IEEE}
}

@article{manju2011analysis,
  title={An analysis of Q-learning algorithms with strategies of reward function},
  author={Manju, S and Punithavalli, M},
  journal={International Journal on Computer Science and Engineering},
  volume={3},
  number={2},
  pages={814--820},
  year={2011},
  publisher={Citeseer}
}

@inproceedings{mothanna2022review,
  title={Review on Reinforcement Learning in CartPole Game},
  author={Mothanna, Yusuf and Hewahi, Nabil},
  booktitle={2022 International Conference on Innovation and Intelligence for Informatics, Computing, and Technologies (3ICT)},
  pages={344--349},
  year={2022},
  organization={IEEE}
}

@inproceedings{nagendra2017comparison,
  title={Comparison of reinforcement learning algorithms applied to the cart-pole problem},
  author={Nagendra, Savinay and Podila, Nikhil and Ugarakhod, Rashmi and George, Koshy},
  booktitle={2017 international conference on advances in computing, communications and informatics (ICACCI)},
  pages={26--32},
  year={2017},
  organization={IEEE}
}

