@inproceedings{graepel2004learning,
  title={Learning to fight},
  author={Graepel, Thore and Herbrich, Ralf and Gold, Julian},
  booktitle={Proceedings of the International Conference on Computer Games: Artificial Intelligence, Design and Education},
  pages={193--200},
  year={2004},
  organization={Citeseer}
}

@article{Arulkumaran_2017,
	doi = {10.1109/msp.2017.2743240},
  
	url = {https://doi.org/10.1109%2Fmsp.2017.2743240},
  
	year = 2017,
	month = {nov},
  
	publisher = {Institute of Electrical and Electronics Engineers ({IEEE})},
  
	volume = {34},
  
	number = {6},
  
	pages = {26--38},
  
	author = {Kai Arulkumaran and Marc Peter Deisenroth and Miles Brundage and Anil Anthony Bharath},
  
	title = {Deep Reinforcement Learning: A Brief Survey},
  
	journal = {{IEEE} Signal Processing Magazine}
}

@book{sutton2018reinforcement,
  title={Reinforcement learning: An introduction},
  author={Sutton, Richard S and Barto, Andrew G},
  year={2018},
  publisher={MIT press}
}

@misc{kumar2020balancing,
      title={Balancing a CartPole System with Reinforcement Learning -- A Tutorial}, 
      author={Swagat Kumar},
      year={2020},
      eprint={2006.04938},
      archivePrefix={arXiv},
      primaryClass={cs.RO}
}